@article{Bowtie2,
  title={Fast gapped-read alignment with Bowtie 2},
  author={Langmead, Ben and Salzberg, Steven L},
  journal={Nature methods},
  volume={9},
  number={4},
  pages={357},
  year={2012},
  publisher={Nature Publishing Group}
}
@Article{SprayNPray,
   Author="Garber, A. I.  and Armbruster, C. R.  and Lee, S. E.  and Cooper, V. S.  and Bomberger, J. M.  and McAllister, S. M. ",
   Title="{{S}pray{N}{P}ray: user-friendly taxonomic profiling of genome and metagenome contigs}",
   Journal="BMC Genomics",
   Year="2022",
   Volume="23",
   Number="1",
   Pages="202",
   Month="Mar"
}
@article{DIAMOND,
  title={Fast and sensitive protein alignment using DIAMOND},
  author={Buchfink, Benjamin and Xie, Chao and Huson, Daniel H},
  journal={Nature methods},
  volume={12},
  number={1},
  pages={59--60},
  year={2015},
  publisher={Nature Publishing Group}
}
@article{MEGAN,
  title={MEGAN analysis of metagenomic data},
  author={Huson, Daniel H and Auch, Alexander F and Qi, Ji and Schuster, Stephan C},
  journal={Genome research},
  volume={17},
  number={3},
  pages={377--386},
  year={2007},
  publisher={Cold Spring Harbor Lab}
}
@Article{QUAST,
   Author="Gurevich, A.  and Saveliev, V.  and Vyahhi, N.  and Tesler, G. ",
   Title="{{Q}{U}{A}{S}{T}: quality assessment tool for genome assemblies}",
   Journal="Bioinformatics",
   Year="2013",
   Volume="29",
   Number="8",
   Pages="1072--1075",
   Month="Apr"
}
@Article{BUSCO,
   Author="Seppey, M.  and Manni, M.  and Zdobnov, E. M. ",
   Title="{{B}{U}{S}{C}{O}: {A}ssessing {G}enome {A}ssembly and {A}nnotation {C}ompleteness}",
   Journal="Methods Mol Biol",
   Year="2019",
   Volume="1962",
   Pages="227--245"
}
@Article{RepeatModeler,
   Author="Flynn, J. M.  and Hubley, R.  and Goubert, C.  and Rosen, J.  and Clark, A. G.  and Feschotte, C.  and Smit, A. F. ",
   Title="{{R}epeat{M}odeler2 for automated genomic discovery of transposable element families}",
   Journal="Proc Natl Acad Sci U S A",
   Year="2020",
   Volume="117",
   Number="17",
   Pages="9451--9457",
   Month="04"
}
@Article{RepeatMasker,
   Author="Tarailo-Graovac, M.  and Chen, N. ",
   Title="{{U}sing {R}epeat{M}asker to identify repetitive elements in genomic sequences}",
   Journal="Curr Protoc Bioinformatics",
   Year="2009",
   Volume="Chapter 4",
   Pages="Unit 4.10",
   Month="Mar"
}
@Article{InsectBase,
   Author="Mei, Y.  and Jing, D.  and Tang, S.  and Chen, X.  and Chen, H.  and Duanmu, H.  and Cong, Y.  and Chen, M.  and Ye, X.  and Zhou, H.  and He, K.  and Li, F. ",
   Title="{{I}nsect{B}ase 2.0: a comprehensive gene resource for insects}",
   Journal="Nucleic Acids Res",
   Year="2022",
   Volume="50",
   Number="D1",
   Pages="D1040-D1045",
   Month="01"
}
@Article{AUGUSTUS,
   Author="Hoff, K. J.  and Stanke, M. ",
   Title="{{P}redicting {G}enes in {S}ingle {G}enomes with {A}{U}{G}{U}{S}{T}{U}{S}}",
   Journal="Curr Protoc Bioinformatics",
   Year="2019",
   Volume="65",
   Number="1",
   Pages="e57",
   Month="03"
}
@Article{GenomeThreader,
   Author="Fernandez-Castillo, E.  and Barbosa-Santillán, L. I.  and Falcon-Morales, L.  and Sánchez-Escobar, J. J. ",
   Title="{{D}eep {S}plicer: {A} {C}{N}{N} {M}odel for {S}plice {S}ite {P}rediction in {G}enetic {S}equences}",
   Journal="Genes (Basel)",
   Year="2022",
   Volume="13",
   Number="5",
   Month="05"
}
@Article{EvidenceModeler,
   Author="Haas, B. J.  and Salzberg, S. L.  and Zhu, W.  and Pertea, M.  and Allen, J. E.  and Orvis, J.  and White, O.  and Buell, C. R.  and Wortman, J. R. ",
   Title="{{A}utomated eukaryotic gene structure annotation using {E}{V}idence{M}odeler and the {P}rogram to {A}ssemble {S}pliced {A}lignments}",
   Journal="Genome Biol",
   Year="2008",
   Volume="9",
   Number="1",
   Pages="R7",
   Month="Jan"
}
@Article{OrthoFinder,
   Author="Emms, D. M.  and Kelly, S. ",
   Title="{{O}rtho{F}inder: phylogenetic orthology inference for comparative genomics}",
   Journal="Genome Biol",
   Year="2019",
   Volume="20",
   Number="1",
   Pages="238",
   Month="11"
}
