@article{abdelfattah2018metabarcoding,
  title={Metabarcoding: A powerful tool to investigate microbial communities and shape future plant protection strategies},
  author={Abdelfattah, Ahmed and Malacrino, Antonino and Wisniewski, Michael and Cacciola, Santa O and Schena, Leonardo},
  journal={Biological Control},
  volume={120},
  pages={1--10},
  year={2018},
  publisher={Elsevier}
}
@article{shokralla2012next,
  title={Next-generation sequencing technologies for environmental DNA research},
  author={Shokralla, Shadi and Spall, Jennifer L and Gibson, Joel F and Hajibabaei, Mehrdad},
  journal={Molecular ecology},
  volume={21},
  number={8},
  pages={1794--1805},
  year={2012},
  publisher={Wiley Online Library}
  abstract = {
    The cytochrome c oxidase subunit I (COI) gene region, for example, is capable of discerning between closely related species across Animalia (Hebert et al. 2003; Meusnier et al. 2008). Similarly, 16S ribosomal RNA (16S) is commonly used for bacterial identification (Sogin et al. 2006; Flanagan et al. 2007). The internal transcribed spacer (ITS) region of the nuclear ribosomal DNA is employed in studies of fungi (Nilsson et al. 2008). Plant DNA barcoding has relied heavily upon regions of plastid DNA including maturase K (matK) and ribulose-bisphosphate carboxylase (rbcl) (CBOL Plant Working Group 2009; Burgess et al. 2011). A number of other marker genes have been employed for biodiversity analysis at different phylogenetic depths or in certain taxonomic groups.
  }
}
@article{hayashi2002phylogenetic,
  title={Phylogenetic analysis of the human gut microbiota using 16S rDNA clone libraries and strictly anaerobic culture-based methods},
  author={Hayashi, Hidenori and Sakamoto, Mitsuo and Benno, Yoshimi},
  journal={Microbiology and immunology},
  volume={46},
  number={8},
  pages={535--548},
  year={2002},
  publisher={Wiley Online Library}
}
@article{nilsson2008intraspecific,
  title={Intraspecific ITS variability in the kingdom Fungi as expressed in the international sequence databases and its implications for molecular species identification},
  author={Nilsson, R Henrik and Kristiansson, Erik and Ryberg, Martin and Hallenberg, Nils and Larsson, Karl-Henrik},
  journal={Evolutionary bioinformatics},
  volume={4},
  pages={EBO--S653},
  year={2008},
  publisher={SAGE Publications Sage UK: London, England}
}
@article{hebert2003barcoding,
  title={Barcoding animal life: cytochrome c oxidase subunit 1 divergences among closely related species},
  author={Hebert, Paul DN and Ratnasingham, Sujeevan and De Waard, Jeremy R},
  journal={Proceedings of the Royal Society of London. Series B: Biological Sciences},
  volume={270},
  number={suppl\_1},
  pages={S96--S99},
  year={2003},
  publisher={The Royal Society}
}
@article{group2009dna,
  title={A DNA barcode for land plants},
  author={Group, CBOL Plant Working and Hollingsworth, Peter M and Forrest, Laura L and Spouge, John L and Hajibabaei, Mehrdad and Ratnasingham, Sujeevan and van der Bank, Michelle and Chase, Mark W and Cowan, Robyn S and Erickson, David L and others},
  journal={Proceedings of the National Academy of Sciences},
  volume={106},
  number={31},
  pages={12794--12797},
  year={2009},
  publisher={National Acad Sciences}
}
@article{asshauer2015tax4fun,
  title={Tax4Fun: predicting functional profiles from metagenomic 16S rRNA data},
  author={A{\ss}hauer, Kathrin P and Wemheuer, Bernd and Daniel, Rolf and Meinicke, Peter},
  journal={Bioinformatics},
  volume={31},
  number={17},
  pages={2882--2884},
  year={2015},
  publisher={Oxford University Press}
}
@incollection{douglas2018predicting,
  title={Predicting the functional potential of the microbiome from marker genes using PICRUSt},
  author={Douglas, Gavin M and Beiko, Robert G and Langille, Morgan GI},
  booktitle={Microbiome Analysis},
  pages={169--177},
  year={2018},
  publisher={Springer}
}
@article{rodriguez2018much,
  title={How much do rRNA gene surveys underestimate extant bacterial diversity?},
  author={Rodriguez-R, Luis M and Castro, Juan C and Kyrpides, Nikos C and Cole, James R and Tiedje, James M and Konstantinidis, Konstantinos T},
  journal={Applied and Environmental Microbiology},
  volume={84},
  number={6},
  pages={e00014--18},
  year={2018},
  publisher={Am Soc Microbiol}
}
@article{olm2020consistent,
  title={Consistent metagenome-derived metrics verify and delineate bacterial species boundaries},
  author={Olm, Matthew R and Crits-Christoph, Alexander and Diamond, Spencer and Lavy, Adi and Matheus Carnevali, Paula B and Banfield, Jillian F},
  journal={Msystems},
  volume={5},
  number={1},
  pages={e00731--19},
  year={2020},
  publisher={Am Soc Microbiol}
}
@article{ciufo2018using,
  title={Using average nucleotide identity to improve taxonomic assignments in prokaryotic genomes at the NCBI},
  author={Ciufo, Stacy and Kannan, Sivakumar and Sharma, Shobha and Badretdin, Azat and Clark, Karen and Turner, Se{\'a}n and Brover, Slava and Schoch, Conrad L and Kimchi, Avi and DiCuccio, Michael},
  journal={International journal of systematic and evolutionary microbiology},
  volume={68},
  number={7},
  pages={2386},
  year={2018},
  publisher={Microbiology Society}
}
@article{cordero2014explaining,
  title={Explaining microbial genomic diversity in light of evolutionary ecology},
  author={Cordero, Otto X and Polz, Martin F},
  journal={Nature Reviews Microbiology},
  volume={12},
  number={4},
  pages={263--273},
  year={2014},
  publisher={Nature Publishing Group}
}
@article{brockhurst2019ecology,
  title={The ecology and evolution of pangenomes},
  author={Brockhurst, Michael A and Harrison, Ellie and Hall, James PJ and Richards, Thomas and McNally, Alan and MacLean, Craig},
  journal={Current Biology},
  volume={29},
  number={20},
  pages={R1094--R1103},
  year={2019},
  publisher={Elsevier}
}