@article{kwong2016gut,
  title={Gut microbial communities of social bees},
  author={Kwong, Waldan K and Moran, Nancy A},
  journal={Nature Reviews Microbiology},
  volume={14},
  number={6},
  pages={374--384},
  year={2016},
  publisher={Nature Publishing Group}
}
@article{engel2016bee,
  title={The bee microbiome: impact on bee health and model for evolution and ecology of host-microbe interactions},
  author={Engel, Philipp and Kwong, Waldan K and McFrederick, Quinn and Anderson, Kirk E and Barribeau, Seth Michael and Chandler, James Angus and Cornman, R Scott and Dainat, Jacques and De Miranda, Joachim R and Doublet, Vincent and others},
  journal={MBio},
  volume={7},
  number={2},
  pages={e02164--15},
  year={2016},
  publisher={Am Soc Microbiol}
}
@article{raymann2018role,
  title={The role of the gut microbiome in health and disease of adult honey bee workers},
  author={Raymann, Kasie and Moran, Nancy A},
  journal={Current opinion in insect science},
  volume={26},
  pages={97--104},
  year={2018},
  publisher={Elsevier}
}
@article{moran2015genomics,
  title={Genomics of the honey bee microbiome},
  author={Moran, Nancy A},
  journal={Current opinion in insect science},
  volume={10},
  pages={22--28},
  year={2015},
  publisher={Elsevier}
}
@article{kwong2017dynamic,
  title={Dynamic microbiome evolution in social bees},
  author={Kwong, Waldan K and Medina, Luis A and Koch, Hauke and Sing, Kong-Wah and Soh, Eunice Jia Yu and Ascher, John S and Jaff{\'e}, Rodolfo and Moran, Nancy A},
  journal={Science Advances},
  volume={3},
  number={3},
  pages={e1600513},
  year={2017},
  publisher={American Association for the Advancement of Science}
}
@article{keller2020more,
  title={(More than) Hitchhikers through the network: The shared microbiome of bees and flowers},
  author={Keller, Alexander and McFrederick, Quinn S and Dharampal, Prarthana and Steffan, Shawn and Danforth, Bryan N and Leonhardt, Sara D},
  journal={Current Opinion in Insect Science},
  year={2020},
  publisher={Elsevier}
}
@article{vannette2020floral,
  title={The floral microbiome: plant, pollinator, and microbial perspectives},
  author={Vannette, Rachel L},
  journal={Annual Review of Ecology, Evolution, and Systematics},
  volume={51},
  pages={363--386},
  year={2020},
  publisher={Annual Reviews}
}