@article{groot1953protein,
  title={Protein and amino acid requirements of the honeybee (Apis mellifica L.)},
  author={Groot, Antonius Petrus de},
  year={1953},
  publisher={Junk}
  abstract = {
    ten Apis mellifera essential amino acid:
    arginine, histidine, isoleucine, leucine, lysine, methionine, phenylalanine, threonine, tryptophan, valine
  }
}
@article{farjan2012supplementation,
  title={Supplementation of the honey bee diet with vitamin C: The effect on the antioxidative system of Apis mellifera carnica brood at different stages},
  author={Farjan, Marek and Dmitryjuk, Ma{\l}gorzata and Lipi{\'n}ski, Zbigniew and Biernat-{\L}opie{\'n}ska, El{\.z}bieta and {\.Z}{\'o}{\l}towska, Krystyna},
  journal={Journal of Apicultural Research},
  volume={51},
  number={3},
  pages={263--270},
  year={2012},
  publisher={Taylor \& Francis}
  abstract = {
    the mean of bee losses over winter were about 33% lower in colonies receiving vitamin C.
  }
}
@article{bravo1998polyphenols,
  title={Polyphenols: chemistry, dietary sources, metabolism, and nutritional significance},
  author={Bravo, Laura},
  journal={Nutrition reviews},
  volume={56},
  number={11},
  pages={317--333},
  year={1998},
  publisher={Oxford University Press Oxford, UK}
  abstract = {
    Plant phenolic glycosides are prevalent dietary components incorporating glucose, galactose, xylose, arabinose, and mannose residues
  }
}
@article{pyrzynska2009analysis,
  title={Analysis of phenolic acids and flavonoids in honey},
  author={Pyrzynska, Krystyna and Biesaga, Magdalena},
  journal={TrAC trends in analytical chemistry},
  volume={28},
  number={7},
  pages={893--902},
  year={2009},
  publisher={Elsevier}
  abstract = {
    Plant phenolic glycosides are prevalent dietary components incorporating glucose, galactose, xylose, arabinose, and mannose residues
  }
}
@article{barker1977some,
  title={Some carbohydrates found in pollen and pollen substitutes are toxic to honey bees},
  author={Barker, Roy J},
  journal={The Journal of Nutrition},
  volume={107},
  number={10},
  pages={1859--1862},
  year={1977},
  publisher={Oxford University Press}
  abstract = {
    The toxins
    found in pollen in clude lactose, raffinose, stachyose, xylose, arabinose, galactose,
  }
}
@incollection{nicolson2007nectar,
  title={Nectar chemistry},
  author={Nicolson, Susan W and Thornburg, Robert W},
  booktitle={Nectaries and nectar},
  pages={215--264},
  year={2007},
  publisher={Springer}
}
@article{de1986mechanism,
  title={Mechanism of mannose toxicity},
  author={de la Fuente, M{\'o}nica and Penas, Pablo F and Sols, Alberto},
  journal={Biochemical and biophysical research communications},
  volume={140},
  number={1},
  pages={51--55},
  year={1986},
  publisher={Elsevier}
  abstract = {
    Mannose toxicity in honeybees is due to a marked shortage of mannosephosphate isomerase that leads to a large accumulation of mannose-6-P and a marked depletion of ATP. and are insensitive to mannose and have excess of mannosephosphate isomerase over hexokinase. 2-Deoxyglucose is as toxic as mannose for honeybees and is toxic also for the other insects studied, which supports the conclusion that the mechanism of mannose toxicity involves large accumulation of a hexosephosphate.
  }
}
@article{adler2000ecological,
  title={The ecological significance of toxic nectar},
  author={Adler, Lynn S},
  journal={Oikos},
  volume={91},
  number={3},
  pages={409--420},
  year={2000},
  publisher={Wiley Online Library}
}
@article{hendriksma2019effects,
  title={Effects of essential amino acid supplementation to promote honey bee gland and muscle development in cages and colonies},
  author={Hendriksma, Harmen P and Pachow, Collin D and Nieh, James C},
  journal={Journal of insect physiology},
  volume={117},
  pages={103906},
  year={2019},
  publisher={Elsevier}
}
@article{hendriksma2014amino,
  title={Amino acid and carbohydrate tradeoffs by honey bee nectar foragers and their implications for plant--pollinator interactions},
  author={Hendriksma, Harmen P and Oxman, Karmi L and Shafir, Sharoni},
  journal={Journal of insect physiology},
  volume={69},
  pages={56--64},
  year={2014},
  publisher={Elsevier}
}
@article{cook2003honey,
  title={Are honey bees' foraging preferences affected by pollen amino acid composition?},
  author={Cook, Samantha M and Awmack, Caroline S and Murray, Darren A and Williams, Ingrid H},
  journal={Ecological Entomology},
  volume={28},
  number={5},
  pages={622--627},
  year={2003},
  publisher={Wiley Online Library}
}
@article{paoli2014dietary,
  title={The dietary proportion of essential amino acids and Sir2 influence lifespan in the honeybee},
  author={Paoli, Pier P and Wakeling, Luisa A and Wright, Geraldine A and Ford, Dianne},
  journal={Age},
  volume={36},
  number={3},
  pages={1239--1247},
  year={2014},
  publisher={Springer}
}
@article{stabler2015nutrient,
  title={Nutrient balancing of the adult worker bumblebee (Bombus terrestris) depends on the dietary source of essential amino acids},
  author={Stabler, Daniel and Paoli, Pier P and Nicolson, Susan W and Wright, Geraldine A},
  journal={The Journal of experimental biology},
  volume={218},
  number={5},
  pages={793--802},
  year={2015},
  publisher={The Company of Biologists}
}
@article{simcock2014single,
  title={Single amino acids in sucrose rewards modulate feeding and associative learning in the honeybee},
  author={Simcock, Nicola K and Gray, Helen E and Wright, Geraldine A},
  journal={Journal of insect physiology},
  volume={69},
  pages={41--48},
  year={2014},
  publisher={Elsevier}
}
@article{hendriksma2016honey,
  title={Honey bee foragers balance colony nutritional deficiencies},
  author={Hendriksma, Harmen P and Shafir, Sharoni},
  journal={Behavioral Ecology and Sociobiology},
  volume={70},
  number={4},
  pages={509--517},
  year={2016},
  publisher={Springer}
}
@article{herbert1970brood,
  title={The brood-rearing capability of caged honey bees fed dandelion and mixed pollen diets},
  author={Herbert, EW and Bickley, WE and Shimanuki, H},
  journal={Journal of Economic Entomology},
  volume={63},
  number={1},
  pages={215--218},
  year={1970},
  publisher={Oxford University Press Oxford, UK}
}
@article{hocherl2012evaluation,
  title={Evaluation of the nutritive value of maize for honey bees},
  author={H{\"o}cherl, Nicole and Siede, Reinhold and Illies, Ingrid and G{\"a}tschenberger, Heike and Tautz, J{\"u}rgen},
  journal={Journal of insect physiology},
  volume={58},
  number={2},
  pages={278--285},
  year={2012},
  publisher={Elsevier}
}