@article{tsilimigras2016compositional,
  title={Compositional data analysis of the microbiome: fundamentals, tools, and challenges},
  author={Tsilimigras, Matthew CB and Fodor, Anthony A},
  journal={Annals of epidemiology},
  volume={26},
  number={5},
  pages={330--335},
  year={2016},
  publisher={Elsevier}
}
@article{li2015microbiome,
  title={Microbiome, metagenomics, and high-dimensional compositional data analysis},
  author={Li, Hongzhe},
  journal={Annual Review of Statistics and Its Application},
  volume={2},
  pages={73--94},
  year={2015},
  publisher={Annual Reviews}
}
@article{gloor2016compositional,
  title={Compositional analysis: a valid approach to analyze microbiome high-throughput sequencing data},
  author={Gloor, Gregory B and Reid, Gregor},
  journal={Canadian journal of microbiology},
  volume={62},
  number={8},
  pages={692--703},
  year={2016},
  publisher={NRC research press}
}