@article{ciufo2018using,
  title={Using average nucleotide identity to improve taxonomic assignments in prokaryotic genomes at the NCBI},
  author={Ciufo, Stacy and Kannan, Sivakumar and Sharma, Shobha and Badretdin, Azat and Clark, Karen and Turner, Se{\'a}n and Brover, Slava and Schoch, Conrad L and Kimchi, Avi and DiCuccio, Michael},
  journal={International journal of systematic and evolutionary microbiology},
  volume={68},
  number={7},
  pages={2386},
  year={2018},
  publisher={Microbiology Society}
}
@article{cordero2014explaining,
  title={Explaining microbial genomic diversity in light of evolutionary ecology},
  author={Cordero, Otto X and Polz, Martin F},
  journal={Nature Reviews Microbiology},
  volume={12},
  number={4},
  pages={263--273},
  year={2014},
  publisher={Nature Publishing Group}
}
@article{brockhurst2019ecology,
  title={The ecology and evolution of pangenomes},
  author={Brockhurst, Michael A and Harrison, Ellie and Hall, James PJ and Richards, Thomas and McNally, Alan and MacLean, Craig},
  journal={Current Biology},
  volume={29},
  number={20},
  pages={R1094--R1103},
  year={2019},
  publisher={Elsevier}
}
@article{olm2020consistent,
  title={Consistent metagenome-derived metrics verify and delineate bacterial species boundaries},
  author={Olm, Matthew R and Crits-Christoph, Alexander and Diamond, Spencer and Lavy, Adi and Matheus Carnevali, Paula B and Banfield, Jillian F},
  journal={Msystems},
  volume={5},
  number={1},
  pages={e00731--19},
  year={2020},
  publisher={Am Soc Microbiol}
}