@article{oeckinghaus2011crosstalk,
  title={Crosstalk in NF-$\kappa$B signaling pathways},
  author={Oeckinghaus, Andrea and Hayden, Matthew S and Ghosh, Sankar},
  journal={Nature immunology},
  volume={12},
  number={8},
  pages={695--708},
  year={2011},
  publisher={Nature Publishing Group}
}