@article{chao2014unifying,
  title={Unifying species diversity, phylogenetic diversity, functional diversity, and related similarity and differentiation measures through Hill numbers},
  author={Chao, Anne and Chiu, Chun-Huo and Jost, Lou},
  journal={Annual review of ecology, evolution, and systematics},
  volume={45},
  pages={297--324},
  year={2014},
  publisher={Annual Reviews}
}
@article{roswell2021conceptual,
  title={A conceptual guide to measuring species diversity},
  author={Roswell, Michael and Dushoff, Jonathan and Winfree, Rachael},
  journal={Oikos},
  volume={130},
  number={3},
  pages={321--338},
  year={2021},
  publisher={Wiley Online Library}
}
@article{leinster2012measuring,
  title={Measuring diversity: the importance of species similarity},
  author={Leinster, Tom and Cobbold, Christina A},
  journal={Ecology},
  volume={93},
  number={3},
  pages={477--489},
  year={2012},
  publisher={Wiley Online Library}
}
@article{chiu2014distance,
  title={Distance-based functional diversity measures and their decomposition: a framework based on Hill numbers},
  author={Chiu, Chun-Huo and Chao, Anne},
  journal={PloS one},
  volume={9},
  number={7},
  pages={e100014},
  year={2014},
  publisher={Public Library of Science San Francisco, USA}
}
@article{ma2018measuring,
  title={Measuring metagenome diversity and similarity with Hill numbers},
  author={Ma, Zhanshan and Li, Lianwei},
  journal={Molecular ecology resources},
  volume={18},
  number={6},
  pages={1339--1355},
  year={2018},
  publisher={Wiley Online Library}
}
@article{alberdi2019guide,
  title={A guide to the application of Hill numbers to DNA-based diversity analyses},
  author={Alberdi, Antton and Gilbert, M Thomas P},
  journal={Molecular Ecology Resources},
  volume={19},
  number={4},
  pages={804--817},
  year={2019},
  publisher={Wiley Online Library}
}
@article{hill2003using,
  title={Using ecological diversity measures with bacterial communities},
  author={Hill, Tom CJ and Walsh, Kerry A and Harris, James A and Moffett, Bruce F},
  journal={FEMS microbiology ecology},
  volume={43},
  number={1},
  pages={1--11},
  year={2003},
  publisher={Blackwell Publishing Ltd Oxford, UK}
}
@article{stirling2001empirical,
  title={Empirical relationships between species richness, evenness, and proportional diversity},
  author={Stirling, Gray and Wilsey, Brian},
  journal={The American Naturalist},
  volume={158},
  number={3},
  pages={286--299},
  year={2001},
  publisher={The University of Chicago Press}
}
@article{ma2005species,
  title={Species richness vs evenness: independent relationship and different responses to edaphic factors},
  author={Ma, Maohua},
  journal={Oikos},
  volume={111},
  number={1},
  pages={192--198},
  year={2005},
  publisher={Wiley Online Library}
}
@article{hill1973diversity,
  title={Diversity and evenness: a unifying notation and its consequences},
  author={Hill, Mark O},
  journal={Ecology},
  volume={54},
  number={2},
  pages={427--432},
  year={1973},
  publisher={Wiley Online Library}
}