@article{bittner2010some,
  title={Some considerations for analyzing biodiversity using integrative metagenomics and gene networks},
  author={Bittner, Lucie and Halary, S{\'e}bastien and Payri, Claude and Cruaud, Corinne and De Reviers, Bruno and Lopez, Philippe and Bapteste, Eric},
  journal={Biology direct},
  volume={5},
  number={1},
  pages={1--17},
  year={2010},
  publisher={BioMed Central}
}
@article{ma2018measuring,
  title={Measuring metagenome diversity and similarity with Hill numbers},
  author={Ma, Zhanshan and Li, Lianwei},
  journal={Molecular ecology resources},
  volume={18},
  number={6},
  pages={1339--1355},
  year={2018},
  publisher={Wiley Online Library}
}