@article{eckburg2005diversity,
  title={Diversity of the human intestinal microbial flora},
  author={Eckburg, Paul B and Bik, Elisabeth M and Bernstein, Charles N and Purdom, Elizabeth and Dethlefsen, Les and Sargent, Michael and Gill, Steven R and Nelson, Karen E and Relman, David A},
  journal={science},
  volume={308},
  number={5728},
  pages={1635--1638},
  year={2005},
  publisher={American Association for the Advancement of Science}
}
@article{tringe2005comparative,
  title={Comparative metagenomics of microbial communities},
  author={Tringe, Susannah Green and Von Mering, Christian and Kobayashi, Arthur and Salamov, Asaf A and Chen, Kevin and Chang, Hwai W and Podar, Mircea and Short, Jay M and Mathur, Eric J and Detter, John C and others},
  journal={Science},
  volume={308},
  number={5721},
  pages={554--557},
  year={2005},
  publisher={American Association for the Advancement of Science}
}
@article{schloss2004status,
  title={Status of the microbial census},
  author={Schloss, Patrick D and Handelsman, Jo},
  journal={Microbiology and molecular biology reviews},
  volume={68},
  number={4},
  pages={686--691},
  year={2004},
  publisher={Am Soc Microbiol}
}
@article{vermote2018amplicon,
  title={Amplicon and shotgun metagenomic sequencing indicates that microbial ecosystems present in cheese brines reflect environmental inoculation during the cheese production process},
  author={Vermote, Louise and Verce, Marko and De Vuyst, Luc and Weckx, Stefan},
  journal={International Dairy Journal},
  volume={87},
  pages={44--53},
  year={2018},
  publisher={Elsevier}
}
@article{li2012analyses,
  title={Analyses of the microbial diversity across the human microbiome},
  author={Li, Kelvin and Bihan, Monika and Yooseph, Shibu and Methe, Barbara A},
  journal={PloS one},
  volume={7},
  number={6},
  pages={e32118},
  year={2012},
  publisher={Public Library of Science San Francisco, USA}
}
@article{caporaso2011global,
  title={Global patterns of 16S rRNA diversity at a depth of millions of sequences per sample},
  author={Caporaso, J Gregory and Lauber, Christian L and Walters, William A and Berg-Lyons, Donna and Lozupone, Catherine A and Turnbaugh, Peter J and Fierer, Noah and Knight, Rob},
  journal={Proceedings of the national academy of sciences},
  volume={108},
  number={Supplement 1},
  pages={4516--4522},
  year={2011},
  publisher={National Acad Sciences}
}
@article{munoz2020soil,
  title={Soil microbial diversity drops with land-use change in a high mountain temperate forest: a metagenomics survey},
  author={Mu{\~n}oz-Arenas, Ligia C and Fusaro, Carmine and Hern{\'a}ndez-Guzm{\'a}n, Mario and Dendooven, Luc and Estrada-Torres, Arturo and Navarro-Noya, Yendi E},
  journal={Environmental microbiology reports},
  volume={12},
  number={2},
  pages={185--194},
  year={2020},
  publisher={Wiley Online Library}
}
@article{li2019global,
  title={Global microbiome diversity scaling in hot springs with DAR (diversity-area relationship) profiles},
  author={Li, Lianwei and Ma, Zhanshan},
  journal={Frontiers in microbiology},
  volume={10},
  pages={118},
  year={2019},
  publisher={Frontiers}
}

@article{unterseher2011species,
  title={Species abundance distributions and richness estimations in fungal metagenomics--lessons learned from community ecology},
  author={Unterseher, Martin and Jumpponen, ARI and Oepik, Maarja and Tedersoo, Leho and Moora, Mari and Dormann, Carsten F and Schnittler, Martin},
  journal={Molecular Ecology},
  volume={20},
  number={2},
  pages={275--285},
  year={2011},
  publisher={Wiley Online Library}
}
@article{hadapad2019bacterial,
  title={Bacterial communities in the gut of wild and mass-reared Zeugodacus cucurbitae and Bactrocera dorsalis revealed by metagenomic sequencing},
  author={Hadapad, Ashok B and Shettigar, Suresh KG and Hire, Ramesh S},
  journal={BMC microbiology},
  volume={19},
  number={1},
  pages={1--11},
  year={2019},
  publisher={BioMed Central}
}
@article{kamke2016rumen,
  title={Rumen metagenome and metatranscriptome analyses of low methane yield sheep reveals a Sharpea-enriched microbiome characterised by lactic acid formation and utilisation},
  author={Kamke, Janine and Kittelmann, Sandra and Soni, Priya and Li, Yang and Tavendale, Michael and Ganesh, Siva and Janssen, Peter H and Shi, Weibing and Froula, Jeff and Rubin, Edward M and others},
  journal={Microbiome},
  volume={4},
  number={1},
  pages={1--16},
  year={2016},
  publisher={BioMed Central}
}
@article{voget2003prospecting,
  title={Prospecting for novel biocatalysts in a soil metagenome},
  author={Voget, S and Leggewie, C and Uesbeck, A and Raasch, C and Jaeger, K-E and Streit, WR},
  journal={Applied and environmental microbiology},
  volume={69},
  number={10},
  pages={6235--6242},
  year={2003},
  publisher={Am Soc Microbiol}
}
@article{culligan2014metagenomics,
  title={Metagenomics and novel gene discovery: promise and potential for novel therapeutics},
  author={Culligan, Eamonn P and Sleator, Roy D and Marchesi, Julian R and Hill, Colin},
  journal={Virulence},
  volume={5},
  number={3},
  pages={399--412},
  year={2014},
  publisher={Taylor \& Francis}
}
@article{youngblut2020large,
  title={Large-scale metagenome assembly reveals novel animal-associated microbial genomes, biosynthetic gene clusters, and other genetic diversity},
  author={Youngblut, Nicholas D and De la Cuesta-Zuluaga, Jacobo and Reischer, Georg H and Dauser, Silke and Schuster, Nathalie and Walzer, Chris and Stalder, Gabrielle and Farnleitner, Andreas H and Ley, Ruth E},
  journal={Msystems},
  volume={5},
  number={6},
  pages={e01045--20},
  year={2020},
  publisher={Am Soc Microbiol}
}