@article{sczyrba2017critical,
  title={Critical assessment of metagenome interpretationâ€”a benchmark of metagenomics software},
  author={Sczyrba, Alexander and Hofmann, Peter and Belmann, Peter and Koslicki, David and Janssen, Stefan and Dr{\"o}ge, Johannes and Gregor, Ivan and Majda, Stephan and Fiedler, Jessika and Dahms, Eik and others},
  journal={Nature methods},
  volume={14},
  number={11},
  pages={1063--1071},
  year={2017},
  publisher={Nature Publishing Group}
}
@article{becker2020modular,
  title={A Modular Metagenomics Pipeline Allowing for the Inclusion of Prior Knowledge Using the Example of Anaerobic Digestion},
  author={Becker, Daniela and Popp, Denny and Harms, Hauke and Centler, Florian},
  journal={Microorganisms},
  volume={8},
  number={5},
  pages={669},
  year={2020},
  publisher={Multidisciplinary Digital Publishing Institute}
}
@article{carr2014comparative,
  title={Comparative analysis of functional metagenomic annotation and the mappability of short reads},
  author={Carr, Rogan and Borenstein, Elhanan},
  journal={PloS one},
  volume={9},
  number={8},
  pages={e105776},
  year={2014},
  publisher={Public Library of Science San Francisco, USA}
}
@article{wommack2008metagenomics,
  title={Metagenomics: read length matters},
  author={Wommack, K Eric and Bhavsar, Jaysheel and Ravel, Jacques},
  journal={Applied and environmental microbiology},
  volume={74},
  number={5},
  pages={1453--1463},
  year={2008},
  publisher={Am Soc Microbiol}
}
@article{sun2021challenges,
  title={Challenges in benchmarking metagenomic profilers},
  author={Sun, Zheng and Huang, Shi and Zhang, Meng and Zhu, Qiyun and Haiminen, Niina and Carrieri, Anna Paola and V{\'a}zquez-Baeza, Yoshiki and Parida, Laxmi and Kim, Ho-Cheol and Knight, Rob and others},
  journal={Nature methods},
  volume={18},
  number={6},
  pages={618--626},
  year={2021},
  publisher={Nature Publishing Group}
}
@article{tran2020assembling,
  title={Assembling reads improves taxonomic classification of species},
  author={Tran, Quang and Phan, Vinhthuy},
  journal={Genes},
  volume={11},
  number={8},
  pages={946},
  year={2020},
  publisher={Multidisciplinary Digital Publishing Institute}
}
@article{hallprofiling,
  title={Profiling Metagenomic Communities Using Circular Consensus and Single Molecule, Real-Time Sequencing},
  author={Hall, Richard J and Gale, Cheryl A and Hamilton, Matt and Heiseland, Tim and Knotted, Alex and Sadowsky, Michael and Silverstein, Kevin and Weingarden, Alexa and Heiner, Cheryl}
}
@article{zhou2014assessment,
  title={Assessment of quality control approaches for metagenomic data analysis},
  author={Zhou, Qian and Su, Xiaoquan and Ning, Kang},
  journal={Scientific reports},
  volume={4},
  number={1},
  pages={1--11},
  year={2014},
  publisher={Nature Publishing Group}
}
@article{tovo2020taxonomic,
  title={Taxonomic classification method for metagenomics based on core protein families with Core-Kaiju},
  author={Tovo, Anna and Menzel, Peter and Krogh, Anders and Cosentino Lagomarsino, Marco and Suweis, Samir},
  journal={Nucleic acids research},
  volume={48},
  number={16},
  pages={e93--e93},
  year={2020},
  publisher={Oxford University Press}
}
@article{mende2012assessment,
  title={Assessment of metagenomic assembly using simulated next generation sequencing data},
  author={Mende, Daniel R and Waller, Alison S and Sunagawa, Shinichi and J{\"a}rvelin, Aino I and Chan, Michelle M and Arumugam, Manimozhiyan and Raes, Jeroen and Bork, Peer},
  journal={PloS one},
  volume={7},
  number={2},
  pages={e31386},
  year={2012},
  publisher={Public Library of Science San Francisco, USA}
}
@article{tamames2019assessing,
  title={Assessing the performance of different approaches for functional and taxonomic annotation of metagenomes},
  author={Tamames, Javier and Cobo-Sim{\'o}n, Marta and Puente-S{\'a}nchez, Fernando},
  journal={BMC genomics},
  volume={20},
  number={1},
  pages={1--16},
  year={2019},
  publisher={BioMed Central}
}