@article{rodriguez2014estimating,
  title={Estimating coverage in metagenomic data sets and why it matters},
  author={Rodriguez-r, Luis M and Konstantinidis, Konstantinos T},
  journal={The ISME journal},
  volume={8},
  number={11},
  pages={2349--2351},
  year={2014},
  publisher={Nature Publishing Group}
}
@article{pereira2019impact,
  title={Impact of host DNA and sequencing depth on the taxonomic resolution of whole metagenome sequencing for microbiome analysis},
  author={Pereira-Marques, Joana and Hout, Anne and Ferreira, Rui M and Weber, Michiel and Pinto-Ribeiro, Ines and van Doorn, Leen-Jan and Knetsch, Cornelis Willem and Figueiredo, Ceu},
  journal={Frontiers in microbiology},
  volume={10},
  pages={1277},
  year={2019},
  publisher={Frontiers}
}
@article{cattonaro2018you,
  title={Do you cov me? Effect of coverage reduction on metagenome shotgun sequencing studies},
  author={Cattonaro, Federica and Spadotto, Alessandro and Radovic, Slobodanka and Marroni, Fabio},
  journal={F1000Research},
  volume={7},
  year={2018},
  publisher={Faculty of 1000 Ltd}
}
@article{zaheer2018impact,
  title={Impact of sequencing depth on the characterization of the microbiome and resistome},
  author={Zaheer, Rahat and Noyes, Noelle and Polo, Rodrigo Ortega and Cook, Shaun R and Marinier, Eric and Van Domselaar, Gary and Belk, Keith E and Morley, Paul S and McAllister, Tim A},
  journal={Scientific reports},
  volume={8},
  number={1},
  pages={1--11},
  year={2018},
  publisher={Nature Publishing Group}
}
@article{gweon2019impact,
  title={The impact of sequencing depth on the inferred taxonomic composition and AMR gene content of metagenomic samples},
  author={Gweon, H Soon and Shaw, Liam P and Swann, Jeremy and De Maio, Nicola and AbuOun, Manal and Niehus, Rene and Hubbard, Alasdair TM and Bowes, Mike J and Bailey, Mark J and Peto, Tim EA and others},
  journal={Environmental Microbiome},
  volume={14},
  number={1},
  pages={1--15},
  year={2019},
  publisher={BioMed Central}
}
@article{li2021sampling,
  title={Sampling cores and sequencing depths affected the measurement of microbial diversity in soil quadrats},
  author={Li, Shuzhen and Deng, Ye and Du, Xiongfeng and Feng, Kai and Wu, Yueni and He, Qing and Wang, Zhujun and Liu, Yangying and Wang, Danrui and Peng, Xi and others},
  journal={Science of The Total Environment},
  volume={767},
  pages={144966},
  year={2021},
  publisher={Elsevier}
}
@article{hillmann2018evaluating,
  title={Evaluating the information content of shallow shotgun metagenomics},
  author={Hillmann, Benjamin and Al-Ghalith, Gabriel A and Shields-Cutler, Robin R and Zhu, Qiyun and Gohl, Daryl M and Beckman, Kenneth B and Knight, Rob and Knights, Dan},
  journal={Msystems},
  volume={3},
  number={6},
  pages={e00069--18},
  year={2018},
  publisher={Am Soc Microbiol}
}
@article{hughes2005application,
  title={The application of rarefaction techniques to molecular inventories of microbial diversity},
  author={Hughes, Jennifer B and Hellmann, Jessica J},
  journal={Methods in enzymology},
  volume={397},
  pages={292--308},
  year={2005},
  publisher={Elsevier}
}