@article{nayfach2016toward,
  title={Toward accurate and quantitative comparative metagenomics},
  author={Nayfach, Stephen and Pollard, Katherine S},
  journal={Cell},
  volume={166},
  number={5},
  pages={1103--1116},
  year={2016},
  publisher={Elsevier}
}
@article{abubucker2012metabolic,
  title={Metabolic reconstruction for metagenomic data and its application to the human microbiome},
  author={Abubucker, Sahar and Segata, Nicola and Goll, Johannes and Schubert, Alyxandria M and Izard, Jacques and Cantarel, Brandi L and Rodriguez-Mueller, Beltran and Zucker, Jeremy and Thiagarajan, Mathangi and Henrissat, Bernard and others},
  journal={PLoS computational biology},
  volume={8},
  number={6},
  pages={e1002358},
  year={2012},
  publisher={Public Library of Science San Francisco, USA}
  abstract = {
    HUMAnN software
  }
}