@article{li2018minimap2,
  title={Minimap2: pairwise alignment for nucleotide sequences},
  author={Li, Heng},
  journal={Bioinformatics},
  volume={34},
  number={18},
  pages={3094--3100},
  year={2018},
  publisher={Oxford University Press}
}

@article{garber2022spraynpray,
  title={SprayNPray: user-friendly taxonomic profiling of genome and metagenome contigs},
  author={Garber, Arkadiy I and Armbruster, Catherine R and Lee, Stella E and Cooper, Vaughn S and Bomberger, Jennifer M and McAllister, Sean M},
  journal={BMC genomics},
  volume={23},
  number={1},
  pages={202},
  year={2022},
  publisher={Springer}
}

@article{buchfink2015fast,
  title={Fast and sensitive protein alignment using DIAMOND},
  author={Buchfink, Benjamin and Xie, Chao and Huson, Daniel H},
  journal={Nature methods},
  volume={12},
  number={1},
  pages={59--60},
  year={2015},
  publisher={Nature Publishing Group US New York}
}

@article{huson2007megan,
  title={MEGAN analysis of metagenomic data},
  author={Huson, Daniel H and Auch, Alexander F and Qi, Ji and Schuster, Stephan C},
  journal={Genome research},
  volume={17},
  number={3},
  pages={377--386},
  year={2007},
  publisher={Cold Spring Harbor Lab}
}

@article{gurevich2013quast,
  title={QUAST: quality assessment tool for genome assemblies},
  author={Gurevich, Alexey and Saveliev, Vladislav and Vyahhi, Nikolay and Tesler, Glenn},
  journal={Bioinformatics},
  volume={29},
  number={8},
  pages={1072--1075},
  year={2013},
  publisher={Oxford University Press}
}

@article{simao2015busco,
  title={BUSCO: assessing genome assembly and annotation completeness with single-copy orthologs},
  author={Sim{\~a}o, Felipe A and Waterhouse, Robert M and Ioannidis, Panagiotis and Kriventseva, Evgenia V and Zdobnov, Evgeny M},
  journal={Bioinformatics},
  volume={31},
  number={19},
  pages={3210--3212},
  year={2015},
  publisher={Oxford University Press}
}